<?xml version="1.0" encoding="UTF-8"?><collection xmlns="http://www.loc.gov/MARC21/slim"><record><leader>00627nam--2200181-i-4500</leader><controlfield tag="001">000047896</controlfield><controlfield tag="002">20161230</controlfield><controlfield tag="005">20161230201046</controlfield><controlfield tag="008">060222s1000------------r-----000-0-fre-d</controlfield><datafield ind1=" " ind2=" " tag="040"><subfield code="a">IFIN-HH</subfield></datafield><datafield ind1=" " ind2=" " tag="041"><subfield code="a">fre</subfield></datafield><datafield ind1=" " ind2=" " tag="080"><subfield code="a">535.33(043)</subfield></datafield><datafield ind1="1" ind2=" " tag="100"><subfield code="a">Wyart, Jean-francois</subfield></datafield><datafield ind1="1" ind2="0" tag="245"><subfield code="a">Classification des spectres d`arc et d`etincelle du dysprosium. contribution a l`etude de configurations electroniques dans d`autres spectres des terres rares</subfield><subfield code="b">These</subfield><subfield code="c">Jean-francois wyart</subfield></datafield><datafield ind1=" " ind2=" " tag="260"><subfield code="a">Paris</subfield><subfield code="b">Universite De Paris_sud</subfield><subfield code="c">1973</subfield></datafield><datafield ind1=" " ind2=" " tag="300"><subfield code="a">V + 194 + 41P. (ANNEXE I-VI)</subfield></datafield><datafield ind1=" " ind2=" " tag="852"><subfield code="a">40486</subfield><subfield code="c">535.33</subfield></datafield><datafield ind1=" " ind2=" " tag="CAT"><subfield code="a">Sys</subfield><subfield code="c">20101206</subfield><subfield code="h">144520</subfield></datafield></record></collection>